<record><leader>00000cas a22000007a 4500</leader><controlfield tag="001">1589622</controlfield><controlfield tag="008">750901d19201989mnuwr ne      0    0eng d</controlfield><datafield ind1=" " ind2=" " tag="010"><subfield code="a">sn 89064755 </subfield></datafield><datafield ind1=" " ind2=" " tag="040"><subfield code="a">MUL</subfield><subfield code="b">eng</subfield><subfield code="c">MUL</subfield><subfield code="d">MN#</subfield><subfield code="d">OCLCQ</subfield><subfield code="d">OCLCF</subfield><subfield code="d">OCLCO</subfield></datafield><datafield ind1="1" ind2=" " tag="029"><subfield code="a">AU@</subfield><subfield code="b">000025861468</subfield></datafield><datafield ind1=" " ind2=" " tag="042"><subfield code="a">msc</subfield></datafield><datafield ind1=" " ind2=" " tag="043"><subfield code="a">n-us-mn</subfield></datafield><datafield ind1=" " ind2=" " tag="052"><subfield code="a">4144</subfield><subfield code="b">S13</subfield></datafield><datafield ind1=" " ind2=" " tag="052"><subfield code="a">4143</subfield><subfield code="b">R5</subfield></datafield><datafield ind1="0" ind2="0" tag="245"><subfield code="a">Sacred Heart news.</subfield></datafield><datafield ind1=" " ind2=" " tag="260"><subfield code="a">Sacred Heart, Minn. :</subfield><subfield code="b">Thomas Olson,</subfield><subfield code="c">1920-1989.</subfield></datafield><datafield ind1=" " ind2=" " tag="300"><subfield code="a">68 v.</subfield></datafield><datafield ind1=" " ind2=" " tag="310"><subfield code="a">Weekly</subfield></datafield><datafield ind1="0" ind2=" " tag="362"><subfield code="a">Vol. 1, no. 1 (May 21, 1920)-v. 68, no. 12 (Sept. 27, 1989).</subfield></datafield><datafield ind1=" " ind2=" " tag="530"><subfield code="a">Available on microfilm from the Minnesota Historical Society.</subfield></datafield><datafield ind1=" " ind2="0" tag="651"><subfield code="a">Sacred Heart (Minn.)</subfield><subfield code="v">Newspapers.</subfield></datafield><datafield ind1=" " ind2="7" tag="655"><subfield code="a">Newspapers.</subfield><subfield code="2">fast</subfield><subfield code="0">(OCoLC)fst01423814</subfield></datafield><datafield ind1=" " ind2="7" tag="651"><subfield code="a">Minnesota</subfield><subfield code="z">Sacred Heart.</subfield><subfield code="2">fast</subfield><subfield code="0">(OCoLC)fst01229658</subfield></datafield><datafield ind1=" " ind2=" " tag="752"><subfield code="a">United States</subfield><subfield code="b">Minnesota</subfield><subfield code="c">Renville</subfield><subfield code="d">Sacred Heart.</subfield></datafield><datafield ind1="0" ind2="7" tag="785"><subfield code="t">Renville star-farmer</subfield><subfield code="w">(DLC)sn 89064756</subfield></datafield><datafield ind1="0" ind2="7" tag="785"><subfield code="t">Renville County star farmer news</subfield><subfield code="w">(DLC)sn 89064751</subfield></datafield></record>